<?xml version="1.0" encoding="UTF-8"?>
<record xmlns="http://www.loc.gov/MARC21/slim" xmlns:xsi="http://www.w3.org/2001/XMLSchema-instance" xsi:schemaLocation="http://www.loc.gov/MARC21/slim http://www.loc.gov/standards/marcxml/schema/MARC21slim.xsd">
<leader>     cam a2200337 a 4500</leader>
<controlfield tag="001">001683087</controlfield>
<controlfield tag="003">NNU</controlfield>
<controlfield tag="005">20001219004924.0</controlfield>
<controlfield tag="008">000914r19681901iq       b    000 0 arard</controlfield>
<datafield tag="010" ind1=" " ind2=" ">
<subfield code="a">74961269 /NE</subfield>
</datafield>
<datafield tag="020" ind1=" " ind2=" ">
<subfield code="c">£E1.50</subfield>
</datafield>
<datafield tag="035" ind1="9" ind2=" ">
<subfield code="a">NYUb12226507</subfield>
</datafield>
<datafield tag="035" ind1=" " ind2=" ">
<subfield code="a">(CStRLIN)CASX92-B69428</subfield>
</datafield>
<datafield tag="040" ind1=" " ind2=" ">
<subfield code="c">NN</subfield>
<subfield code="d">NN</subfield>
<subfield code="d">CU-SB</subfield>
</datafield>
<datafield tag="050" ind1="0" ind2=" ">
<subfield code="a">PJ7696.T3</subfield>
<subfield code="b">A6 1968</subfield>
</datafield>
<datafield tag="100" ind1="0" ind2=" ">
<subfield code="a">Ṭarafah ibn al-ʻAbd.</subfield>
</datafield>
<datafield tag="240" ind1="1" ind2="0">
<subfield code="a">Poems</subfield>
</datafield>
<datafield tag="245" ind1="1" ind2="0">
<subfield code="a">Dīwān Ṭarafah ibn al-ʻAbd al-Bakrī :</subfield>
<subfield code="b">maʻa sharḥ Yūsuf al-Aʻlam al-Shantamarī ... /</subfield>
<subfield code="c">wa-qad iʻtaná bi-taṣḥīḥihi wa-naqalahu ilá al-lughah al-Faransāwīyah Maks Silighsūn.</subfield>
</datafield>
<datafield tag="260" ind1=" " ind2=" ">
<subfield code="a">[Baghdad :</subfield>
<subfield code="b">Maktabat al-Muthanná,</subfield>
<subfield code="c">1968?]</subfield>
</datafield>
<datafield tag="300" ind1=" " ind2=" ">
<subfield code="a">160, 37, xvi p. ;</subfield>
<subfield code="c">25 cm.</subfield>
</datafield>
<datafield tag="500" ind1=" " ind2=" ">
<subfield code="a">Introd. in French.</subfield>
</datafield>
<datafield tag="500" ind1=" " ind2=" ">
<subfield code="a">Title on added t.p.: Dîwân de Tarafa ibn al-Abd al-Bakrî.</subfield>
</datafield>
<datafield tag="504" ind1=" " ind2=" ">
<subfield code="a">Includes bibliographical references (p. xiv-xvi).</subfield>
</datafield>
<datafield tag="534" ind1=" " ind2=" ">
<subfield code="p">Arabic text originally published:</subfield>
<subfield code="c">Paris : É. Bouillon, 1901.</subfield>
</datafield>
<datafield tag="500" ind1=" " ind2=" ">
<subfield code="a">Cover title.</subfield>
</datafield>
<datafield tag="500" ind1=" " ind2=" ">
<subfield code="a">Reprint of the Arabic text of the ed. prepared by M. Seligsohn, and published in Paris, 1901.</subfield>
</datafield>
<datafield tag="700" ind1="1" ind2=" ">
<subfield code="a">Aʻlam al-Shantamarī, Yūsuf ibn Sulaymān,</subfield>
<subfield code="d">1019 or 20-1083 or 4.</subfield>
</datafield>
<datafield tag="700" ind1="1" ind2=" ">
<subfield code="a">Seligsohn, Max,</subfield>
<subfield code="d">b. 1865.</subfield>
</datafield>
<datafield tag="740" ind1="0" ind2=" ">
<subfield code="a">Dîwân de Ṭarafa ibn al-ʻAbd al-Bakrî.</subfield>
</datafield>
<datafield tag="OWN" ind1=" " ind2=" ">
<subfield code="a">GENERAL</subfield>
</datafield>
<datafield tag="950" ind1=" " ind2=" ">
<subfield code="l">BMAIN</subfield>
<subfield code="a">PJ7696.T3</subfield>
<subfield code="b">A6 1968</subfield>
</datafield>
<datafield tag="955" ind1=" " ind2=" ">
<subfield code="l">BMAIN</subfield>
<subfield code="c">1</subfield>
<subfield code="r">028857236</subfield>
</datafield>
<datafield tag="998" ind1=" " ind2=" ">
<subfield code="s">9115</subfield>
</datafield>
<datafield tag="AVA" ind1=" " ind2=" ">
<subfield code="a">NYU50</subfield>
<subfield code="b">BOBST</subfield>
<subfield code="c">Main Collection</subfield>
<subfield code="d">PJ7696.T3 A6 1968</subfield>
<subfield code="e">unavailable</subfield>
<subfield code="t">Unavailable</subfield>
<subfield code="f">1</subfield>
<subfield code="g">1</subfield>
<subfield code="h">N</subfield>
<subfield code="i">0</subfield>
<subfield code="j">MAIN</subfield>
</datafield>
</record>
